<record><leader>00000cas a22000007a 4500</leader><controlfield tag="001">20768391</controlfield><controlfield tag="008">891212c19809999ohuwr ne      0    0eng d</controlfield><datafield ind1=" " ind2=" " tag="010"><subfield code="a">sn 89075243 </subfield></datafield><datafield ind1=" " ind2=" " tag="040"><subfield code="a">ONP</subfield><subfield code="b">eng</subfield><subfield code="c">ONP</subfield><subfield code="d">OCLCQ</subfield></datafield><datafield ind1=" " ind2=" " tag="042"><subfield code="a">msc</subfield></datafield><datafield ind1="0" ind2="4" tag="245"><subfield code="a">The Point and shoreland journal.</subfield></datafield><datafield ind1=" " ind2=" " tag="260"><subfield code="a">Point Place, Ohio :</subfield><subfield code="b">R.C. Welch,</subfield><subfield code="c">1980-</subfield></datafield><datafield ind1=" " ind2=" " tag="300"><subfield code="a">v.</subfield></datafield><datafield ind1=" " ind2=" " tag="310"><subfield code="a">Weekly</subfield></datafield><datafield ind1="0" ind2=" " tag="362"><subfield code="a">Vol. 3, no. 10 (Mar. 4, 1980)-</subfield></datafield><datafield ind1=" " ind2=" " tag="752"><subfield code="a">United States</subfield><subfield code="b">Ohio</subfield><subfield code="c">Lucas</subfield><subfield code="d">Point Place.</subfield></datafield><datafield ind1="0" ind2="0" tag="780"><subfield code="t">Point and shoreland</subfield><subfield code="w">(DLC)sn 89075241</subfield></datafield></record>